[gd_scene load_steps=25 format=2]

[ext_resource path="res://interfaces/Home.gd" type="Script" id=1]
[ext_resource path="res://images/background.jpg" type="Texture" id=2]
[ext_resource path="res://images/dark.png" type="Texture" id=3]
[ext_resource path="res://images/characters/players/woman.png" type="Texture" id=4]
[ext_resource path="res://images/characters/players/man.png" type="Texture" id=5]
[ext_resource path="res://fonts/FontsFree-Net-Bolgen-Sketch.ttf" type="DynamicFontData" id=6]
[ext_resource path="res://images/characters/players/nobin.png" type="Texture" id=7]

[sub_resource type="DynamicFont" id=1]
size = 72
outline_size = 3
outline_color = Color( 0, 0, 0, 1 )
use_filter = true
font_data = ExtResource( 6 )

[sub_resource type="DynamicFont" id=10]
size = 22
outline_size = 3
outline_color = Color( 0, 0, 0, 1 )
use_filter = true
font_data = ExtResource( 6 )

[sub_resource type="StyleBoxFlat" id=12]
bg_color = Color( 0, 0, 0, 0.784314 )
border_width_left = 3
border_width_top = 3
border_width_right = 3
border_width_bottom = 3
border_color = Color( 1, 0, 0, 1 )

[sub_resource type="StyleBoxFlat" id=13]
bg_color = Color( 0, 0, 0, 0.784314 )

[sub_resource type="DynamicFont" id=3]
size = 24
outline_size = 3
outline_color = Color( 0, 0, 0, 1 )
use_filter = true
font_data = ExtResource( 6 )

[sub_resource type="StyleBoxFlat" id=14]
bg_color = Color( 0, 0, 0, 0.784314 )
border_width_bottom = 3
border_color = Color( 1, 0, 0, 1 )

[sub_resource type="StyleBoxFlat" id=15]
bg_color = Color( 0, 0, 0, 0.784314 )
border_width_bottom = 7
border_color = Color( 1, 0, 0, 1 )

[sub_resource type="DynamicFont" id=11]
size = 23
outline_size = 3
outline_color = Color( 0, 0, 0, 1 )
use_filter = true
font_data = ExtResource( 6 )

[sub_resource type="StyleBoxFlat" id=16]
bg_color = Color( 0, 0, 0, 0.784314 )
border_width_left = 3
border_width_top = 3
border_width_right = 3
border_width_bottom = 3
border_color = Color( 1, 0, 0, 1 )

[sub_resource type="StyleBoxFlat" id=17]
bg_color = Color( 0, 0, 0, 0.784314 )

[sub_resource type="DynamicFont" id=5]
size = 24
outline_size = 3
outline_color = Color( 0, 0, 0, 1 )
use_filter = true
font_data = ExtResource( 6 )

[sub_resource type="StyleBoxFlat" id=18]
bg_color = Color( 0, 0, 0, 0.784314 )
border_width_left = 3
border_width_top = 3
border_width_right = 3
border_width_bottom = 3
border_color = Color( 1, 0, 0, 1 )

[sub_resource type="StyleBoxFlat" id=19]
bg_color = Color( 0, 0, 0, 0.784314 )

[sub_resource type="DynamicFont" id=7]
size = 24
outline_size = 3
outline_color = Color( 0, 0, 0, 1 )
use_filter = true
font_data = ExtResource( 6 )

[sub_resource type="StyleBoxFlat" id=20]
bg_color = Color( 0, 0, 0, 0.784314 )
border_width_left = 3
border_width_top = 3
border_width_right = 3
border_width_bottom = 3
border_color = Color( 1, 0, 0, 1 )

[sub_resource type="StyleBoxFlat" id=21]
bg_color = Color( 0, 0, 0, 0.784314 )

[sub_resource type="DynamicFont" id=9]
size = 60
outline_size = 3
outline_color = Color( 0, 0, 0, 1 )
use_filter = true
font_data = ExtResource( 6 )

[node name="Home" type="Control"]
anchor_right = 1.0
anchor_bottom = 1.0
margin_top = -1.41425
margin_bottom = -1.41425
script = ExtResource( 1 )
__meta__ = {
"_edit_use_anchors_": false
}

[node name="Background" type="TextureRect" parent="."]
margin_left = -5.99329
margin_top = -89.8984
margin_right = 958.007
margin_bottom = 988.102
texture = ExtResource( 2 )
expand = true
stretch_mode = 1
__meta__ = {
"_edit_use_anchors_": false
}

[node name="PlayerFemele" type="TextureRect" parent="."]
margin_left = 767.539
margin_top = 127.539
margin_right = 928.539
margin_bottom = 495.539
texture = ExtResource( 4 )
expand = true
__meta__ = {
"_edit_use_anchors_": false
}

[node name="PlayerMele" type="TextureRect" parent="."]
margin_left = 760.942
margin_top = 116.461
margin_right = 896.942
margin_bottom = 504.461
texture = ExtResource( 5 )
expand = true
__meta__ = {
"_edit_use_anchors_": false
}

[node name="PlayerNoBin" type="TextureRect" parent="."]
margin_left = 690.936
margin_top = 142.97
margin_right = 953.936
margin_bottom = 439.97
texture = ExtResource( 7 )
expand = true
__meta__ = {
"_edit_use_anchors_": false
}

[node name="ShadownTitle" type="TextureRect" parent="."]
margin_left = 26.0
margin_top = 1.0
margin_right = 927.0
margin_bottom = 161.0
texture = ExtResource( 3 )
expand = true
__meta__ = {
"_edit_use_anchors_": false
}

[node name="ShadownFooter" type="TextureRect" parent="."]
margin_left = -0.498291
margin_top = 442.02
margin_right = 961.502
margin_bottom = 536.02
texture = ExtResource( 3 )
expand = true
stretch_mode = 1
__meta__ = {
"_edit_use_anchors_": false
}

[node name="Titulo" type="Label" parent="."]
margin_left = -7.49152
margin_top = 20.4848
margin_right = 957.508
margin_bottom = 150.485
custom_fonts/font = SubResource( 1 )
text = "Mundo Celular"
align = 1
valign = 1
__meta__ = {
"_edit_use_anchors_": false
}

[node name="Footer" type="Label" parent="."]
margin_left = 41.956
margin_top = 459.512
margin_right = 920.956
margin_bottom = 530.512
custom_fonts/font = SubResource( 10 )
text = "Creado por PatoJAD y Lynx Software Design. El juego es meramente educativo y Libre. Cualquier persona puede reutilizarlo cuando lo desee"
align = 1
valign = 1
autowrap = true
__meta__ = {
"_edit_use_anchors_": false
}

[node name="PlayButton" type="Button" parent="."]
margin_left = 400.0
margin_top = 375.0
margin_right = 560.0
margin_bottom = 425.0
custom_styles/hover = SubResource( 12 )
custom_styles/normal = SubResource( 13 )
custom_fonts/font = SubResource( 3 )
text = "Iniciar Juego"
__meta__ = {
"_edit_use_anchors_": false
}

[node name="LineEdit" type="LineEdit" parent="."]
margin_left = 300.0
margin_top = 230.0
margin_right = 660.0
margin_bottom = 270.0
custom_styles/focus = SubResource( 14 )
custom_styles/normal = SubResource( 15 )
custom_fonts/font = SubResource( 11 )
align = 1
__meta__ = {
"_edit_use_anchors_": false
}

[node name="FemeleButton" type="Button" parent="."]
margin_left = 50.0
margin_top = 200.0
margin_right = 200.0
margin_bottom = 250.0
custom_styles/hover = SubResource( 16 )
custom_styles/normal = SubResource( 17 )
custom_fonts/font = SubResource( 5 )
text = "Avatar 1"
__meta__ = {
"_edit_use_anchors_": false
}

[node name="MeleButton" type="Button" parent="."]
margin_left = 50.0
margin_top = 262.502
margin_right = 200.0
margin_bottom = 312.502
custom_styles/hover = SubResource( 18 )
custom_styles/normal = SubResource( 19 )
custom_fonts/font = SubResource( 7 )
text = "Avatar 2"
__meta__ = {
"_edit_use_anchors_": false
}

[node name="NoBinButton" type="Button" parent="."]
margin_left = 50.0
margin_top = 325.502
margin_right = 200.0
margin_bottom = 375.502
custom_styles/hover = SubResource( 20 )
custom_styles/normal = SubResource( 21 )
custom_fonts/font = SubResource( 7 )
text = "Avatar 3"
__meta__ = {
"_edit_use_anchors_": false
}

[node name="Nombre" type="Label" parent="."]
margin_left = 300.0
margin_top = 164.814
margin_right = 660.0
margin_bottom = 225.814
custom_fonts/font = SubResource( 9 )
text = "Nombre"
align = 1
valign = 1

[connection signal="pressed" from="PlayButton" to="." method="_on_PlayButton_pressed"]
[connection signal="pressed" from="FemeleButton" to="." method="_on_FemeleButton_pressed"]
[connection signal="pressed" from="MeleButton" to="." method="_on_MeleButton_pressed"]
[connection signal="pressed" from="NoBinButton" to="." method="_on_NoBinButton_pressed"]
